@Article{krishnan2006direct,
	  Title={Direct simulation of transport in open-cell metal foam},
	  Author={Krishnan, Shankar and Murthy, Jayathi Y and Garimella, Suresh V},
	  Journal={Journal of heat transfer},
	  Volume={128},
	  Number={8},
	  Pages={793--799},
	  Year={2006},
	  Publisher={American Society of Mechanical Engineers},
}

@Article{sksripriya,
	  Title={Towards Thermal-Acoustic Co-design of Noise Reducing Heat Sinks},
	  Author={Krishnan, Shankar and Ramamoorthy, Sripriya},
	  Journal={Journal of Sound and Vibrations},
	  Year={2017 (in review)},
	  Publisher={Elsevier},
}

@Article{BM_U,
  title={Flow distribution and pressure drop in plate heat exchangers-I U-type arrangement},
  author={Bassiouny, MK and Martin, H},
  journal={Chemical Engineering Science},
  volume={39},
  number={4},
  pages={693--700},
  year={1984},
  publisher={Elsevier }
}

@article{BM_Z,
  title={Flow distribution and pressure drop in plate heat exchangers-II Z-type arrangement},
  author={Bassiouny, MK and Martin, H},
  journal={Chemical Engineering Science},
  volume={39},
  number={4},
  pages={701--704},
  year={1984},
  publisher={Elsevier}
}

@article{wen_lu_cellular,
  title={Structural optimization of two-dimensional cellular metals cooled by forced convection},
  author={Wen, T and Xu, F and Lu, TJ},
  journal={International journal of heat and mass transfer},
  volume={50},
  number={13},
  pages={2590--2604},
  year={2007},
  publisher={Elsevier}
}

@article{types_of_cooling_configs,
title = {The optimal cooling of a stack of heat generating boards with fixed pressure drop, flowrate or pumping power},
doi = {10.1016/0017-9310(93)90047-A},
author = {Stefano Mereu and Enrico Sciubba and Adrian Bejan},
volume = {36},
pages = {3677--3686},
journal = {International Journal of Heat and Mass Transfer},
issn = {0017--9310},
year = {1993},
publisher = {Elsevier Limited},
number = {15}
}

@article{bejan2004declength,
  title={Designed porous media: maximal heat transfer density at decreasing length scales},
  author={Bejan, Adrian},
  journal={International Journal of Heat and Mass Transfer},
  volume={47},
  number={14},
  pages={3073--3083},
  year={2004},
  publisher={Elsevier}
}

@article{bejan1992optimal,
  title={The optimal spacing of parallel plates cooled by forced convection},
  author={Bejan, Adrian and Sciubba, Enrico},
  journal={International Journal of Heat and Mass Transfer},
  volume={35},
  number={12},
  pages={3259--3264},
  year={1992},
  publisher={Elsevier}
}


@book{fluent,
  Title  = {ANSYS FLUENT 12.0/12.1 Documentation},
  year = {\textcopyright 2009},
  author = {ANSYS, Inc.},
  url = {Sourced at: \small{\emph{http://www.afs.enea.it/project/neptunius/docs/fluent/html/th/node377.htm#eq:n-s}}}
}

@book{idelchik2005handbook,
  title={Handbook of Hydraulic Resistance},
  author={Idelchik, I.E.},
  note={Sourced at: \small{\emph{https://www.nrc.gov/docs/ML1220/ML12209A041.pdf}}}
}

@article{gallego2003carbon,
  title={Carbon foams for thermal management},
  author={Gallego, Nidia C and Klett, James W},
  journal={Carbon},
  volume={41},
  number={7},
  pages={1461--1466},
  year={2003},
  publisher={Elsevier}
}

@article{aboelsoud2013study,
  title={Study Of Transport Phenomena In Carbon-based Materials},
  author={Aboelsoud, Walid},
  journal={Ph.D. Thesis},
  year={2013}
}